@article{shannon,
  title={Communication theory of secrecy systems},
  author={Shannon, Claude E},
  journal={The Bell system technical journal},
  volume={28},
  number={4},
  pages={656--715},
  year={1949},
  publisher={Nokia Bell Labs}
}
@article{wyner,
  title={The wire-tap channel},
  author={Wyner, Aaron D},
  journal={Bell system technical journal},
  volume={54},
  number={8},
  pages={1355--1387},
  year={1975},
  publisher={Wiley Online Library}
}
@article{liang2011,
      author={Liang, Ying-Chang and Chen, Kwang-Cheng and Li, Geoffrey Ye and Mahonen, Petri},
      journal={IEEE Transactions on Vehicular Technology}, 
      title={Cognitive radio networking and communications: an overview}, 
      year={2011},
      volume={60},
      number={7},
      pages={3386-3407},
      keywords={Sensors;Receivers;Radio transmitters;Interference;Signal to noise ratio;Cognitive radio (CR);cognitive radio networks (CRNs);dynamic resource management;dynamic spectrum access (DSA);spectrum sensing;spectrum sharing},
      doi={10.1109/TVT.2011.2158673}
    }
@article{zou2014secrecy,
      title={Secrecy outage and diversity analysis of cognitive radio systems},
      author={Zou, Yulong and Li, Xuelong and Liang, Ying-Chang},
      journal={IEEE Journal on Selected Areas in Communications},
      volume={32},
      number={11},
      pages={2222--2236},
      year={2014},
      publisher={IEEE}
    }
@article{wang2018survey,
      title={A survey of optimization approaches for wireless physical layer security},
      author={Wang, Dong and Bai, Bo and Zhao, Wenbo and Han, Zhu},
      journal={IEEE Communications Surveys \& Tutorials},
      volume={21},
      number={2},
      pages={1878--1911},
      year={2018},
      publisher={IEEE}
    }
@article{wu2011information,
        title={An information secrecy game in cognitive radio networks},
        author={Wu, Yongle and Liu, KJ Ray},
        journal={IEEE Transactions on Information Forensics and Security},
        volume={6},
        number={3},
        pages={831--842},
        year={2011},
        publisher={IEEE}
      }
@article{tran2017cognitive,
        title={Cognitive radio network with secrecy and interference constraints},
        author={Tran, Hung and Kaddoum, Georges and Gagnon, Fran{c{c}}ois and Sibomana, Louis},
        journal={Physical Communication},
        volume={22},
        pages={32--41},
        year={2017},
        publisher={Elsevier}
      }
@inproceedings{kwon2012secure,
        title={Secure MISO cognitive radio system with perfect and imperfect CSI},
        author={Kwon, Taesoo and Wong, Vincent WS and Schober, Robert},
        booktitle={2012 IEEE global communications conference (GLOBECOM)},
        pages={1236--1241},
        year={2012},
        organization={IEEE}
      }
@inproceedings{houjeij2013game,
        title={A game-theoretic view on the physical layer security of cognitive radio networks},
        author={Houjeij, Ali and Saad, Walid and Bas, Tamer and others},
        booktitle={2013 IEEE International Conference on Communications (ICC)},
        pages={2095--2099},
        year={2013},
        organization={IEEE}
      }
@inproceedings{bouabdellah2018secrecy,
      title={Secrecy outage probability in cognitive radio networks subject to Rayleigh fading channels},
      author={Bouabdellah, Mounia and El Bouanani, Faissal and Ben-Azza, Hussain},
      booktitle={2018 International Conference on Advanced Communication Technologies and Networking (CommNet)},
      pages={1--5},
      year={2018},
      organization={IEEE}
    }
@inproceedings{quach2017secrecy,
      title={Secrecy performance of cognitive cooperative industrial radio networks},
      author={Quach, Truong Xuan and Tran, Hung and Uhlemann, Elisabeth and Truc, Mai Tran},
      booktitle={2017 22nd IEEE International Conference on Emerging Technologies and Factory Automation (ETFA)},
      pages={1--8},
      year={2017},
      organization={IEEE}
    }
@inproceedings{barros2006secrecy,
        title={Secrecy capacity of wireless channels},
        author={Barros, Joao and Rodrigues, Miguel RD},
        booktitle={2006 IEEE international symposium on information theory},
        pages={356--360},
        year={2006},
        organization={IEEE}
      }
@inproceedings{parada2005secrecy,
        title={Secrecy capacity of SIMO and slow fading channels},
        author={Parada, Patricio and Blahut, Richard},
        booktitle={Proceedings. International Symposium on Information Theory, 2005. ISIT 2005.},
        pages={2152--2155},
        year={2005},
        organization={IEEE}
      }
@article{he2016secrecy,
        title={On secrecy metrics for physical layer security over quasi-static fading channels},
        author={He, Biao and Zhou, Xiangyun and Swindlehurst, A Lee},
        journal={IEEE Transactions on Wireless Communications},
        volume={15},
        number={10},
        pages={6913--6924},
        year={2016},
        publisher={IEEE}
      }
@article{zhou2011,
      author={Zhou, Xiangyun and McKay, Matthew R. and Maham, Behrouz and Hj√∏rungnes, Are},
      journal={IEEE Communications Letters}, 
      title={Rethinking the Secrecy Outage Formulation: A Secure Transmission Design Perspective}, 
      year={2011},
      volume={15},
      number={3},
      pages={302-304},
      keywords={Security;Throughput;Signal to noise ratio;Quality of service;Fading;Delay;Channel capacity;Information-theoretic security;secrecy outage probability;channel state information},
      doi={10.1109/LCOMM.2011.011811.102433}
}
@article{zou2010adaptive,
  title={An adaptive cooperation diversity scheme with best-relay selection in cognitive radio networks},
  author={Zou, Yulong and Zhu, Jia and Zheng, Baoyu and Yao, Yu-Dong},
  journal={IEEE transactions on signal processing},
  volume={58},
  number={10},
  pages={5438--5445},
  year={2010},
  publisher={IEEE}
}
@article{liang11,
      author={Liang, Ying-Chang and Chen, Kwang-Cheng and Li, Geoffrey Ye and Mahonen, Petri},
      journal={IEEE Transactions on Vehicular Technology}, 
      title={Cognitive radio networking and communications: an overview}, 
      year={2011},
      volume={60},
      number={7},
      pages={3386-3407},
      keywords={Sensors;Receivers;Radio transmitters;Interference;Signal to noise ratio;Cognitive radio (CR);cognitive radio networks (CRNs);dynamic resource management;dynamic spectrum access (DSA);spectrum sensing;spectrum sharing},
      doi={10.1109/TVT.2011.2158673}
    }
@article{liang2008secure,
        title={Secure communication over fading channels},
        author={Liang, Yingbin and Poor, H Vincent and Shamai, Shlomo},
        journal={IEEE Transactions on Information Theory},
        volume={54},
        number={6},
        pages={2470--2492},
        year={2008},
        publisher={IEEE}
      }
@article{gopala2008secrecy,
        title={On the secrecy capacity of fading channels},
        author={Gopala, Praveen Kumar and Lai, Lifeng and El Gamal, Hesham},
        journal={IEEE Transactions on Information Theory},
        volume={54},
        number={10},
        pages={4687--4698},
        year={2008},
        publisher={IEEE}
      }
@inproceedings{anand2008secrecy,
      title={On the secrecy capacity of fading cognitive wireless networks},
      author={Anand, Santhanakrishnan and Chandramouli, Rajarathnam},
      booktitle={2008 3rd International Conference on Cognitive Radio Oriented Wireless Networks and Communications (CrownCom 2008)},
      pages={1--5},
      year={2008},
      organization={IEEE}
    }
    @inproceedings{mukherjee2013fading,
        title={Fading wiretap channel with no CSI anywhere},
        author={Mukherjee, Pritam and Ulukus, Sennur},
        booktitle={2013 IEEE International Symposium on Information Theory},
        pages={1347--1351},
        year={2013},
        organization={IEEE}
      }
      @article{liang2013broadcast,
      title={A broadcast approach for fading wiretap channels},
      author={Liang, Yingbin and Lai, Lifeng and Poor, H Vincent and Shamai, Shlomo},
      journal={IEEE Transactions on Information Theory},
      volume={60},
      number={2},
      pages={842--858},
      year={2013},
      publisher={IEEE}
    }
    @article{tang2014secrecy,
      title={Secrecy outage analysis of underlay cognitive radio unit over Nakagami-$ m $ fading channels},
      author={Tang, Chaoqing and Pan, Gaofeng and Li, Tingting},
      journal={IEEE Wireless Communications Letters},
      volume={3},
      number={6},
      pages={609--612},
      year={2014},
      publisher={IEEE}
    }
    @article{lei2015physical,
      title={On physical layer security over generalized gamma fading channels},
      author={Lei, Hongjiang and Gao, Chao and Guo, Yongcai and Pan, Gaofeng},
      journal={IEEE Communications Letters},
      volume={19},
      number={7},
      pages={1257--1260},
      year={2015},
      publisher={IEEE}
    }
    @article{lin2015fast,
      title={On the fast fading Gaussian wiretap channel with statistical channel state information at the transmitter},
      author={Lin, Pin-Hsun and Jorswieck, Eduard},
      journal={IEEE Transactions on Information Forensics and Security},
      volume={11},
      number={1},
      pages={46--58},
      year={2015},
      publisher={IEEE}
    }
    @article{goel2008guaranteeing,
      title={Guaranteeing secrecy using artificial noise},
      author={Goel, Satashu and Negi, Rohit},
      journal={IEEE transactions on wireless communications},
      volume={7},
      number={6},
      pages={2180--2189},
      year={2008},
      publisher={IEEE}
    }
    @article{dong2009improving,
      title={Improving wireless physical layer security via cooperating relays},
      author={Dong, Lun and Han, Zhu and Petropulu, Athina P and Poor, H Vincent},
      journal={IEEE transactions on signal processing},
      volume={58},
      number={3},
      pages={1875--1888},
      year={2009},
      publisher={IEEE}
    }
    @article{zhou2010secure,
      title={Secure transmission with artificial noise over fading channels: Achievable rate and optimal power allocation},
      author={Zhou, Xiangyun and McKay, Matthew R},
      journal={IEEE Transactions on Vehicular Technology},
      volume={59},
      number={8},
      pages={3831--3842},
      year={2010},
      publisher={IEEE}
    }
    @article{cumanan2017secure,
      title={Secure communications with cooperative jamming: Optimal power allocation and secrecy outage analysis},
      author={Cumanan, Kanapathippillai and Alexandropoulos, George C and Ding, Zhiguo and Karagiannidis, George K},
      journal={IEEE Transactions on Vehicular Technology},
      volume={66},
      number={8},
      pages={7495--7505},
      year={2017},
      publisher={IEEE}
    }
    @misc{sibomana2014impact,
      title={Impact of Secondary User Communication on Security Communication of Primary User}, 
      author={Louis Sibomana and Hung Tran and Quang Anh Tran},
      year={2014},
      eprint={1408.6986},
      archivePrefix={arXiv},
      primaryClass={cs.CR}
}
@article{yadav2021comprehensive,
                title={A comprehensive survey of physical layer security over fading channels: Classifications, applications, and challenges},
                author={Yadav, Poonam and Kumar, Sandeep and Kumar, Rajesh},
                journal={Transactions on Emerging Telecommunications Technologies},
                volume={32},
                number={9},
                pages={e4270},
                year={2021},
                publisher={Wiley Online Library}
              }
              @article{tang2011interference,
        title={Interference assisted secret communication},
        author={Tang, Xiaojun and Liu, Ruoheng and Spasojevi{'c}, Predrag and Poor, H Vincent},
        journal={IEEE Transactions on Information Theory},
        volume={57},
        number={5},
        pages={3153--3167},
        year={2011},
        publisher={IEEE}
      }
      @article{kalantari2015joint,
        title={Joint power control in wiretap interference channels},
        author={Kalantari, Ashkan and Maleki, Sina and Zheng, Gan and Chatzinotas, Symeon and Ottersten, Bj{"o}rn},
        journal={IEEE Transactions on Wireless Communications},
        volume={14},
        number={7},
        pages={3810--3823},
        year={2015},
        publisher={IEEE}
      }
      @article{xie2015secure,
      title={Secure degrees of freedom of $ K $-user Gaussian interference channels: A unified view},
      author={Xie, Jianwei and Ulukus, Sennur},
      journal={IEEE Transactions on Information Theory},
      volume={61},
      number={5},
      pages={2647--2661},
      year={2015},
      publisher={IEEE}
    }
    @article{li2016,
      author={Li, Lingxiang and Petropulu, Athina P. and Chen, Zhi and Fang, Jun},
      journal={IEEE Journal of Selected Topics in Signal Processing}, 
      title={Improving Wireless Physical Layer Security via Exploiting Co-Channel Interference}, 
      year={2016},
      volume={10},
      number={8},
      pages={1433-1448},
      keywords={MIMO;Cooperative communication;Interference channels;Jamming;Physical layer;Network security;Physical-layer security;cooperative communications;multi-input multi-output;secrecy degrees of freedom (S.D.o.F)},
      doi={10.1109/JSTSP.2016.2600516}
    }
@article{attar2012,
      author={Attar, Alireza and Tang, Helen and Vasilakos, Athanasios V. and Yu, F. Richard and Leung, Victor C. M.},
      journal={Proceedings of the IEEE}, 
      title={A Survey of Security Challenges in Cognitive Radio Networks: Solutions and Future Research Directions}, 
      year={2012},
      volume={100},
      number={12},
      pages={3172-3186},
      keywords={Network security;Cognitive radio;Peer to peer computing;Telecommunication services;Signal to noise ratio;Research and development;Cognitive radio (CR);denial of service (DoS);incumbent emulation;security;spectrum sensing data falsification (SSDF)},
      doi={10.1109/JPROC.2012.2208211}
    }
@article{salahdine2020security,
        title={Security threats, detection, and countermeasures for physical layer in cognitive radio networks: A survey},
        author={Salahdine, Fatima and Kaabouch, Naima},
        journal={Physical Communication},
        volume={39},
        pages={101001},
        year={2020},
        publisher={Elsevier}
      }
@article{he2013secure,
      title={Secure on-off transmission design with channel estimation errors},
      author={He, Biao and Zhou, Xiangyun},
      journal={IEEE Transactions on Information Forensics and Security},
      volume={8},
      number={12},
      pages={1923--1936},
      year={2013},
      publisher={IEEE}
    }
@inproceedings{rezki2011ergodic,
        title={On the ergodic secrecy capacity of the wiretap channel under imperfect main channel estimation},
        author={Rezki, Zouheir and Khisti, Ashish and Alouini, Mohamed-Slim},
        booktitle={2011 Conference Record of the Forty Fifth Asilomar Conference on Signals, Systems and Computers (ASILOMAR)},
        pages={952--957},
        year={2011},
        organization={IEEE}
      }
@article{zhang2013design,
      title={On the design of artificial-noise-aided secure multi-antenna transmission in slow fading channels},
      author={Zhang, Xi and Zhou, Xiangyun and McKay, Matthew R},
      journal={IEEE Transactions on Vehicular Technology},
      volume={62},
      number={5},
      pages={2170--2181},
      year={2013},
      publisher={IEEE}
    }
@article{su2012active,
      title={Active cooperation between primary users and cognitive radio users in heterogeneous ad-hoc networks},
      author={Su, Weifeng and Matyjas, John D and Batalama, Stella},
      journal={IEEE Transactions on Signal Processing},
      volume={60},
      number={4},
      pages={1796--1805},
      year={2012},
      publisher={IEEE}
    }
@article{alves2016enhanced,
      title={Enhanced transmit antenna selection scheme for secure throughput maximization without CSI at the transmitter},
      author={Alves, Hirley and Tom{\'e}, Mauricio De Castro and Nardelli, Pedro Henrique Juliano and De Lima, Carlos HM and Latva-Aho, Matti},
      journal={IEEE Access},
      volume={4},
      pages={4861--4873},
      year={2016},
      publisher={IEEE}
    }
@article{ouyang2017secrecy,
      title={Secrecy energy efficiency maximization in cognitive radio networks},
      author={Ouyang, Jian and Lin, Min and Zou, Yulong and Zhu, Wei-Ping and Massicotte, Daniel},
      journal={IEEE Access},
      volume={5},
      pages={2641--2650},
      year={2017},
      publisher={IEEE}
    }
@inproceedings{huang2018secure,
        title={On secure transmission design: An information leakage perspective},
        author={Huang, Yong and Wang, Wei and He, Biao and Sun, Liang and Jiang, Tao},
        booktitle={2018 IEEE Global Communications Conference (GLOBECOM)},
        pages={1--6},
        year={2018},
        organization={IEEE}
      }
@article{hyadi2016overview,
        title={An overview of physical layer security in wireless communication systems with CSIT uncertainty},
        author={Hyadi, Amal and Rezki, Zouheir and Alouini, Mohamed-Slim},
        journal={IEEE Access},
        volume={4},
        pages={6121--6132},
        year={2016},
        publisher={IEEE}
      }
@article{he2013wireless,
        title={Wireless physical layer security with imperfect channel state information: A survey},
        author={He, Biao and Zhou, Xiangyun and Abhayapala, Thushara D},
        journal={arXiv preprint arXiv:1307.4146},
        year={2013}
      }
@book{collette2004multiobjective,
  title={Multiobjective Optimization: Principles and Case Studies},
  author={Collette, Y. and Siarry, P.},
  isbn={9783540401827},
  lccn={2003052998},
  series={Decision Engineering},
  url={https://books.google.com.vn/books?id=XNYF4hltoF0C},
  year={2004},
  publisher={Springer Berlin Heidelberg}
}
@book{miettinen1999,
  added-at = {2012-08-18T21:02:19.000+0200},
  address = {Boston, USA},
  author = {Miettinen, K.},
  biburl = {https://www.bibsonomy.org/bibtex/241c07e88cb7d7974ba224db2a08e1cd7/dalbem},
  date-added = {2008-03-06 20:18:08 -0300},
  date-modified = {2008-03-06 20:18:08 -0300},
  groups = {public},
  interhash = {2eaa7d724ee493c2791e0435d300a1bd},
  intrahash = {41c07e88cb7d7974ba224db2a08e1cd7},
  keywords = {},
  publisher = {Kluwer},
  timestamp = {2012-08-18T21:02:19.000+0200},
  title = {Nonlinear multiobjective optimization},
  username = {dalbem},
  year = 1999
}
@book{Kochenderfer2019-KOCAFO,
	address = {Cambridge, Massachusetts},
	author = {Mykel J. Kochenderfer},
	editor = {Tim A. Wheeler},
	publisher = {The MIT Press},
	title = {Algorithms for Optimization},
	year = {2019}
}
@book{10.5555/3351864,
    author = {Kochenderfer, Mykel J. and Wheeler, Tim A.},
    title = {Algorithms for Optimization},
    year = {2019},
    isbn = {0262039427},
    publisher = {The MIT Press},
}
@book{blitzstein2019introduction,
  title={Introduction to Probability},
  author={Blitzstein, J.K. and Hwang, J.},
  isbn={9781138369917},
  lccn={2018042685},
  series={Chapman and Hall/CRC Texts in Statistical Science Series},
  url={https://books.google.com.vn/books?id=pcPAuQEACAAJ},
  year={2019},
  publisher={CRC Press, Taylor \& Francis Group}
}
@article{storn1997differential,
  title={Differential evolution--a simple and efficient heuristic for global optimization over continuous spaces},
  author={Storn, Rainer and Price, Kenneth},
  journal={Journal of global optimization},
  volume={11},
  pages={341--359},
  year={1997},
  publisher={Springer}
}
@book{boyd2004convex,
  title={Convex optimization},
  author={Boyd, Stephen P and Vandenberghe, Lieven},
  year={2004},
  publisher={Cambridge university press}
}
@inproceedings{he2014secrecy,
  title={Secrecy rate maximization for cooperative overlay cognitive radio networks with artificial noise},
  author={He, YuanYuan and Evans, Jamie and Dey, Subhrakanti},
  booktitle={2014 IEEE International Conference on Communications (ICC)},
  pages={1663--1668},
  year={2014},
  organization={IEEE}
}